@electronic{james,
        author = {James Sethna},
        title = {The Damped Pendulum},
        note = {\href{http://pages.physics.cornell.edu/~sethna/teaching/sss/galileo/galil02.htm}{Course Material}}
}

@electronic{surrow, 
        author = {Bernd Surrow; David Litster; Peter Dourmashkin; David E. Pritchard},
        title = {Simple Harmonic Motion},
        note = {\href{web.mit.edu/8.01t/www/materials/modules/chapter23.pdf}{Course Material}}
}
